%YAML 1.1
%TAG !u! tag:unity3d.com,2011:
--- !u!29 &1
OcclusionCullingSettings:
  m_ObjectHideFlags: 0
  serializedVersion: 2
  m_OcclusionBakeSettings:
    smallestOccluder: 5
    smallestHole: 0.25
    backfaceThreshold: 100
  m_SceneGUID: 00000000000000000000000000000000
  m_OcclusionCullingData: {fileID: 0}
--- !u!104 &2
RenderSettings:
  m_ObjectHideFlags: 0
  serializedVersion: 9
  m_Fog: 0
  m_FogColor: {r: 0.5, g: 0.5, b: 0.5, a: 1}
  m_FogMode: 3
  m_FogDensity: 0.01
  m_LinearFogStart: 0
  m_LinearFogEnd: 300
  m_AmbientSkyColor: {r: 0.212, g: 0.227, b: 0.259, a: 1}
  m_AmbientEquatorColor: {r: 0.114, g: 0.125, b: 0.133, a: 1}
  m_AmbientGroundColor: {r: 0.047, g: 0.043, b: 0.035, a: 1}
  m_AmbientIntensity: 1
  m_AmbientMode: 3
  m_SubtractiveShadowColor: {r: 0.42, g: 0.478, b: 0.627, a: 1}
  m_SkyboxMaterial: {fileID: 0}
  m_HaloStrength: 0.5
  m_FlareStrength: 1
  m_FlareFadeSpeed: 3
  m_HaloTexture: {fileID: 0}
  m_SpotCookie: {fileID: 10001, guid: 0000000000000000e000000000000000, type: 0}
  m_DefaultReflectionMode: 0
  m_DefaultReflectionResolution: 128
  m_ReflectionBounces: 1
  m_ReflectionIntensity: 1
  m_CustomReflection: {fileID: 0}
  m_Sun: {fileID: 0}
  m_IndirectSpecularColor: {r: 0, g: 0, b: 0, a: 1}
  m_UseRadianceAmbientProbe: 0
--- !u!157 &3
LightmapSettings:
  m_ObjectHideFlags: 0
  serializedVersion: 11
  m_GIWorkflowMode: 1
  m_GISettings:
    serializedVersion: 2
    m_BounceScale: 1
    m_IndirectOutputScale: 1
    m_AlbedoBoost: 1
    m_TemporalCoherenceThreshold: 1
    m_EnvironmentLightingMode: 0
    m_EnableBakedLightmaps: 0
    m_EnableRealtimeLightmaps: 0
  m_LightmapEditorSettings:
    serializedVersion: 10
    m_Resolution: 2
    m_BakeResolution: 40
    m_AtlasSize: 1024
    m_AO: 0
    m_AOMaxDistance: 1
    m_CompAOExponent: 1
    m_CompAOExponentDirect: 0
    m_Padding: 2
    m_LightmapParameters: {fileID: 0}
    m_LightmapsBakeMode: 1
    m_TextureCompression: 1
    m_FinalGather: 0
    m_FinalGatherFiltering: 1
    m_FinalGatherRayCount: 256
    m_ReflectionCompression: 2
    m_MixedBakeMode: 2
    m_BakeBackend: 0
    m_PVRSampling: 1
    m_PVRDirectSampleCount: 32
    m_PVRSampleCount: 500
    m_PVRBounces: 2
    m_PVRFilterTypeDirect: 0
    m_PVRFilterTypeIndirect: 0
    m_PVRFilterTypeAO: 0
    m_PVRFilteringMode: 1
    m_PVRCulling: 1
    m_PVRFilteringGaussRadiusDirect: 1
    m_PVRFilteringGaussRadiusIndirect: 5
    m_PVRFilteringGaussRadiusAO: 2
    m_PVRFilteringAtrousPositionSigmaDirect: 0.5
    m_PVRFilteringAtrousPositionSigmaIndirect: 2
    m_PVRFilteringAtrousPositionSigmaAO: 1
    m_ShowResolutionOverlay: 1
  m_LightingDataAsset: {fileID: 0}
  m_UseShadowmask: 1
--- !u!196 &4
NavMeshSettings:
  serializedVersion: 2
  m_ObjectHideFlags: 0
  m_BuildSettings:
    serializedVersion: 2
    agentTypeID: 0
    agentRadius: 0.5
    agentHeight: 2
    agentSlope: 45
    agentClimb: 0.4
    ledgeDropHeight: 0
    maxJumpAcrossDistance: 0
    minRegionArea: 2
    manualCellSize: 0
    cellSize: 0.16666667
    manualTileSize: 0
    tileSize: 256
    accuratePlacement: 0
    debug:
      m_Flags: 0
  m_NavMeshData: {fileID: 0}
--- !u!1 &133847346
GameObject:
  m_ObjectHideFlags: 0
  m_CorrespondingSourceObject: {fileID: 1821299402494086, guid: 94417ad40ea6f41ccbe69444af964c3b,
    type: 2}
  m_PrefabInternal: {fileID: 791239852}
  serializedVersion: 6
  m_Component:
  - component: {fileID: 133847351}
  - component: {fileID: 133847350}
  - component: {fileID: 133847349}
  - component: {fileID: 133847348}
  - component: {fileID: 133847347}
  m_Layer: 0
  m_Name: Skull
  m_TagString: Skull
  m_Icon: {fileID: 0}
  m_NavMeshLayer: 0
  m_StaticEditorFlags: 0
  m_IsActive: 1
--- !u!95 &133847347
Animator:
  serializedVersion: 3
  m_ObjectHideFlags: 0
  m_CorrespondingSourceObject: {fileID: 95593865464566132, guid: 94417ad40ea6f41ccbe69444af964c3b,
    type: 2}
  m_PrefabInternal: {fileID: 791239852}
  m_GameObject: {fileID: 133847346}
  m_Enabled: 1
  m_Avatar: {fileID: 0}
  m_Controller: {fileID: 9100000, guid: 9bb74a3bdfd884f7890def8c95c7a0b3, type: 2}
  m_CullingMode: 0
  m_UpdateMode: 0
  m_ApplyRootMotion: 0
  m_LinearVelocityBlending: 0
  m_WarningMessage: 
  m_HasTransformHierarchy: 1
  m_AllowConstantClipSamplingOptimization: 1
  m_KeepAnimatorControllerStateOnDisable: 0
--- !u!114 &133847348
MonoBehaviour:
  m_ObjectHideFlags: 0
  m_CorrespondingSourceObject: {fileID: 114877288473902986, guid: 94417ad40ea6f41ccbe69444af964c3b,
    type: 2}
  m_PrefabInternal: {fileID: 791239852}
  m_GameObject: {fileID: 133847346}
  m_Enabled: 1
  m_EditorHideFlags: 0
  m_Script: {fileID: 11500000, guid: 84e95dea75cae465abfe378130219247, type: 3}
  m_Name: 
  m_EditorClassIdentifier: 
  door: {fileID: 181619921}
  reversed: 0
--- !u!61 &133847349
BoxCollider2D:
  m_ObjectHideFlags: 0
  m_CorrespondingSourceObject: {fileID: 61298891991688556, guid: 94417ad40ea6f41ccbe69444af964c3b,
    type: 2}
  m_PrefabInternal: {fileID: 791239852}
  m_GameObject: {fileID: 133847346}
  m_Enabled: 1
  m_Density: 1
  m_Material: {fileID: 0}
  m_IsTrigger: 1
  m_UsedByEffector: 0
  m_UsedByComposite: 0
  m_Offset: {x: 0, y: 0}
  m_SpriteTilingProperty:
    border: {x: 0, y: 0, z: 0, w: 0}
    pivot: {x: 0.5, y: 0.5}
    oldSize: {x: 0.19, y: 0.14}
    newSize: {x: 0.19, y: 0.14}
    adaptiveTilingThreshold: 0.5
    drawMode: 0
    adaptiveTiling: 0
  m_AutoTiling: 0
  serializedVersion: 2
  m_Size: {x: 0.19, y: 0.14}
  m_EdgeRadius: 0
--- !u!212 &133847350
SpriteRenderer:
  m_ObjectHideFlags: 0
  m_CorrespondingSourceObject: {fileID: 212598316017912528, guid: 94417ad40ea6f41ccbe69444af964c3b,
    type: 2}
  m_PrefabInternal: {fileID: 791239852}
  m_GameObject: {fileID: 133847346}
  m_Enabled: 1
  m_CastShadows: 0
  m_ReceiveShadows: 0
  m_DynamicOccludee: 1
  m_MotionVectors: 1
  m_LightProbeUsage: 1
  m_ReflectionProbeUsage: 1
  m_RenderingLayerMask: 4294967295
  m_Materials:
  - {fileID: 10754, guid: 0000000000000000f000000000000000, type: 0}
  m_StaticBatchInfo:
    firstSubMesh: 0
    subMeshCount: 0
  m_StaticBatchRoot: {fileID: 0}
  m_ProbeAnchor: {fileID: 0}
  m_LightProbeVolumeOverride: {fileID: 0}
  m_ScaleInLightmap: 1
  m_PreserveUVs: 0
  m_IgnoreNormalsForChartDetection: 0
  m_ImportantGI: 0
  m_StitchLightmapSeams: 0
  m_SelectedEditorRenderState: 0
  m_MinimumChartSize: 4
  m_AutoUVMaxDistance: 0.5
  m_AutoUVMaxAngle: 89
  m_LightmapParameters: {fileID: 0}
  m_SortingLayerID: 0
  m_SortingLayer: 0
  m_SortingOrder: 0
  m_Sprite: {fileID: 21300000, guid: 5fdcb0723f43e486c999456419f983cf, type: 3}
  m_Color: {r: 1, g: 1, b: 1, a: 1}
  m_FlipX: 0
  m_FlipY: 0
  m_DrawMode: 0
  m_Size: {x: 0.19, y: 0.14}
  m_AdaptiveModeThreshold: 0.5
  m_SpriteTileMode: 0
  m_WasSpriteAssigned: 1
  m_MaskInteraction: 0
  m_SpriteSortPoint: 0
--- !u!4 &133847351
Transform:
  m_ObjectHideFlags: 0
  m_CorrespondingSourceObject: {fileID: 4527525929435026, guid: 94417ad40ea6f41ccbe69444af964c3b,
    type: 2}
  m_PrefabInternal: {fileID: 791239852}
  m_GameObject: {fileID: 133847346}
  m_LocalRotation: {x: 0, y: 0, z: 0, w: 1}
  m_LocalPosition: {x: -6.71, y: 8.36, z: 0}
  m_LocalScale: {x: 7, y: 7, z: 1}
  m_Children: []
  m_Father: {fileID: 0}
  m_RootOrder: 5
  m_LocalEulerAnglesHint: {x: 0, y: 0, z: 0}
--- !u!1 &181619921 stripped
GameObject:
  m_CorrespondingSourceObject: {fileID: 1866204218926410, guid: d7af08ca0459541139dd31b16050125f,
    type: 2}
  m_PrefabInternal: {fileID: 543658911}
--- !u!1001 &274473606
Prefab:
  m_ObjectHideFlags: 0
  serializedVersion: 2
  m_Modification:
    m_TransformParent: {fileID: 0}
    m_Modifications:
    - target: {fileID: 4583851585563298, guid: b1a69469b21504ddc93195732eaf44b8, type: 2}
      propertyPath: m_LocalPosition.x
      value: -9.55
      objectReference: {fileID: 0}
    - target: {fileID: 4583851585563298, guid: b1a69469b21504ddc93195732eaf44b8, type: 2}
      propertyPath: m_LocalPosition.y
      value: 5.62
      objectReference: {fileID: 0}
    - target: {fileID: 4583851585563298, guid: b1a69469b21504ddc93195732eaf44b8, type: 2}
      propertyPath: m_LocalPosition.z
      value: 7
      objectReference: {fileID: 0}
    - target: {fileID: 4583851585563298, guid: b1a69469b21504ddc93195732eaf44b8, type: 2}
      propertyPath: m_LocalRotation.x
      value: 0
      objectReference: {fileID: 0}
    - target: {fileID: 4583851585563298, guid: b1a69469b21504ddc93195732eaf44b8, type: 2}
      propertyPath: m_LocalRotation.y
      value: 0
      objectReference: {fileID: 0}
    - target: {fileID: 4583851585563298, guid: b1a69469b21504ddc93195732eaf44b8, type: 2}
      propertyPath: m_LocalRotation.z
      value: 0
      objectReference: {fileID: 0}
    - target: {fileID: 4583851585563298, guid: b1a69469b21504ddc93195732eaf44b8, type: 2}
      propertyPath: m_LocalRotation.w
      value: 1
      objectReference: {fileID: 0}
    - target: {fileID: 4583851585563298, guid: b1a69469b21504ddc93195732eaf44b8, type: 2}
      propertyPath: m_RootOrder
      value: 12
      objectReference: {fileID: 0}
    m_RemovedComponents: []
  m_SourcePrefab: {fileID: 100100000, guid: b1a69469b21504ddc93195732eaf44b8, type: 2}
  m_IsPrefabAsset: 0
--- !u!1001 &427092797
Prefab:
  m_ObjectHideFlags: 0
  serializedVersion: 2
  m_Modification:
    m_TransformParent: {fileID: 0}
    m_Modifications:
    - target: {fileID: 4592709306592830, guid: d1ce9df83290a4ade97fa911c548643e, type: 2}
      propertyPath: m_LocalPosition.x
      value: -13.74
      objectReference: {fileID: 0}
    - target: {fileID: 4592709306592830, guid: d1ce9df83290a4ade97fa911c548643e, type: 2}
      propertyPath: m_LocalPosition.y
      value: 6.74
      objectReference: {fileID: 0}
    - target: {fileID: 4592709306592830, guid: d1ce9df83290a4ade97fa911c548643e, type: 2}
      propertyPath: m_LocalPosition.z
      value: -0.9820216
      objectReference: {fileID: 0}
    - target: {fileID: 4592709306592830, guid: d1ce9df83290a4ade97fa911c548643e, type: 2}
      propertyPath: m_LocalRotation.x
      value: 0
      objectReference: {fileID: 0}
    - target: {fileID: 4592709306592830, guid: d1ce9df83290a4ade97fa911c548643e, type: 2}
      propertyPath: m_LocalRotation.y
      value: 0
      objectReference: {fileID: 0}
    - target: {fileID: 4592709306592830, guid: d1ce9df83290a4ade97fa911c548643e, type: 2}
      propertyPath: m_LocalRotation.z
      value: 0
      objectReference: {fileID: 0}
    - target: {fileID: 4592709306592830, guid: d1ce9df83290a4ade97fa911c548643e, type: 2}
      propertyPath: m_LocalRotation.w
      value: 1
      objectReference: {fileID: 0}
    - target: {fileID: 4592709306592830, guid: d1ce9df83290a4ade97fa911c548643e, type: 2}
      propertyPath: m_RootOrder
      value: 1
      objectReference: {fileID: 0}
    m_RemovedComponents: []
  m_SourcePrefab: {fileID: 100100000, guid: d1ce9df83290a4ade97fa911c548643e, type: 2}
  m_IsPrefabAsset: 0
--- !u!1001 &427905747
Prefab:
  m_ObjectHideFlags: 0
  serializedVersion: 2
  m_Modification:
    m_TransformParent: {fileID: 0}
    m_Modifications:
    - target: {fileID: 4418553512222150, guid: 5bcdc7a11fd854f2882cd92d73101059, type: 2}
      propertyPath: m_LocalPosition.x
      value: 6.18
      objectReference: {fileID: 0}
    - target: {fileID: 4418553512222150, guid: 5bcdc7a11fd854f2882cd92d73101059, type: 2}
      propertyPath: m_LocalPosition.y
      value: 2.72
      objectReference: {fileID: 0}
    - target: {fileID: 4418553512222150, guid: 5bcdc7a11fd854f2882cd92d73101059, type: 2}
      propertyPath: m_LocalPosition.z
      value: -1
      objectReference: {fileID: 0}
    - target: {fileID: 4418553512222150, guid: 5bcdc7a11fd854f2882cd92d73101059, type: 2}
      propertyPath: m_LocalRotation.x
      value: 0
      objectReference: {fileID: 0}
    - target: {fileID: 4418553512222150, guid: 5bcdc7a11fd854f2882cd92d73101059, type: 2}
      propertyPath: m_LocalRotation.y
      value: 0
      objectReference: {fileID: 0}
    - target: {fileID: 4418553512222150, guid: 5bcdc7a11fd854f2882cd92d73101059, type: 2}
      propertyPath: m_LocalRotation.z
      value: 0
      objectReference: {fileID: 0}
    - target: {fileID: 4418553512222150, guid: 5bcdc7a11fd854f2882cd92d73101059, type: 2}
      propertyPath: m_LocalRotation.w
      value: 1
      objectReference: {fileID: 0}
    - target: {fileID: 4418553512222150, guid: 5bcdc7a11fd854f2882cd92d73101059, type: 2}
      propertyPath: m_RootOrder
      value: 3
      objectReference: {fileID: 0}
    m_RemovedComponents: []
  m_SourcePrefab: {fileID: 100100000, guid: 5bcdc7a11fd854f2882cd92d73101059, type: 2}
  m_IsPrefabAsset: 0
--- !u!1 &519092931
GameObject:
  m_ObjectHideFlags: 0
  m_CorrespondingSourceObject: {fileID: 0}
  m_PrefabInternal: {fileID: 0}
  serializedVersion: 6
  m_Component:
  - component: {fileID: 519092934}
  - component: {fileID: 519092933}
  - component: {fileID: 519092932}
  m_Layer: 0
  m_Name: EventSystem
  m_TagString: Untagged
  m_Icon: {fileID: 0}
  m_NavMeshLayer: 0
  m_StaticEditorFlags: 0
  m_IsActive: 1
--- !u!114 &519092932
MonoBehaviour:
  m_ObjectHideFlags: 0
  m_CorrespondingSourceObject: {fileID: 0}
  m_PrefabInternal: {fileID: 0}
  m_GameObject: {fileID: 519092931}
  m_Enabled: 1
  m_EditorHideFlags: 0
  m_Script: {fileID: 1077351063, guid: f70555f144d8491a825f0804e09c671c, type: 3}
  m_Name: 
  m_EditorClassIdentifier: 
  m_HorizontalAxis: Horizontal
  m_VerticalAxis: Vertical
  m_SubmitButton: Submit
  m_CancelButton: Cancel
  m_InputActionsPerSecond: 10
  m_RepeatDelay: 0.5
  m_ForceModuleActive: 0
--- !u!114 &519092933
MonoBehaviour:
  m_ObjectHideFlags: 0
  m_CorrespondingSourceObject: {fileID: 0}
  m_PrefabInternal: {fileID: 0}
  m_GameObject: {fileID: 519092931}
  m_Enabled: 1
  m_EditorHideFlags: 0
  m_Script: {fileID: -619905303, guid: f70555f144d8491a825f0804e09c671c, type: 3}
  m_Name: 
  m_EditorClassIdentifier: 
  m_FirstSelected: {fileID: 0}
  m_sendNavigationEvents: 1
  m_DragThreshold: 10
--- !u!4 &519092934
Transform:
  m_ObjectHideFlags: 0
  m_CorrespondingSourceObject: {fileID: 0}
  m_PrefabInternal: {fileID: 0}
  m_GameObject: {fileID: 519092931}
  m_LocalRotation: {x: 0, y: 0, z: 0, w: 1}
  m_LocalPosition: {x: 0, y: 0, z: 0}
  m_LocalScale: {x: 1, y: 1, z: 1}
  m_Children: []
  m_Father: {fileID: 0}
  m_RootOrder: 10
  m_LocalEulerAnglesHint: {x: 0, y: 0, z: 0}
--- !u!1001 &543658911
Prefab:
  m_ObjectHideFlags: 0
  serializedVersion: 2
  m_Modification:
    m_TransformParent: {fileID: 0}
    m_Modifications:
    - target: {fileID: 4414847303649458, guid: d7af08ca0459541139dd31b16050125f, type: 2}
      propertyPath: m_LocalPosition.x
      value: 11.54
      objectReference: {fileID: 0}
    - target: {fileID: 4414847303649458, guid: d7af08ca0459541139dd31b16050125f, type: 2}
      propertyPath: m_LocalPosition.y
      value: 2.94
      objectReference: {fileID: 0}
    - target: {fileID: 4414847303649458, guid: d7af08ca0459541139dd31b16050125f, type: 2}
      propertyPath: m_LocalPosition.z
      value: 0
      objectReference: {fileID: 0}
    - target: {fileID: 4414847303649458, guid: d7af08ca0459541139dd31b16050125f, type: 2}
      propertyPath: m_LocalRotation.x
      value: 0
      objectReference: {fileID: 0}
    - target: {fileID: 4414847303649458, guid: d7af08ca0459541139dd31b16050125f, type: 2}
      propertyPath: m_LocalRotation.y
      value: 0
      objectReference: {fileID: 0}
    - target: {fileID: 4414847303649458, guid: d7af08ca0459541139dd31b16050125f, type: 2}
      propertyPath: m_LocalRotation.z
      value: 0
      objectReference: {fileID: 0}
    - target: {fileID: 4414847303649458, guid: d7af08ca0459541139dd31b16050125f, type: 2}
      propertyPath: m_LocalRotation.w
      value: 1
      objectReference: {fileID: 0}
    - target: {fileID: 4414847303649458, guid: d7af08ca0459541139dd31b16050125f, type: 2}
      propertyPath: m_RootOrder
      value: 4
      objectReference: {fileID: 0}
    m_RemovedComponents: []
  m_SourcePrefab: {fileID: 100100000, guid: d7af08ca0459541139dd31b16050125f, type: 2}
  m_IsPrefabAsset: 0
--- !u!1001 &557064780
Prefab:
  m_ObjectHideFlags: 0
  serializedVersion: 2
  m_Modification:
    m_TransformParent: {fileID: 0}
    m_Modifications:
    - target: {fileID: 4252891731219642, guid: dbebb74a339d247729b3661e63f5f9ac, type: 2}
      propertyPath: m_LocalPosition.x
      value: -6.72
      objectReference: {fileID: 0}
    - target: {fileID: 4252891731219642, guid: dbebb74a339d247729b3661e63f5f9ac, type: 2}
      propertyPath: m_LocalPosition.y
      value: 6.14
      objectReference: {fileID: 0}
    - target: {fileID: 4252891731219642, guid: dbebb74a339d247729b3661e63f5f9ac, type: 2}
      propertyPath: m_LocalPosition.z
      value: -0.9820216
      objectReference: {fileID: 0}
    - target: {fileID: 4252891731219642, guid: dbebb74a339d247729b3661e63f5f9ac, type: 2}
      propertyPath: m_LocalRotation.x
      value: 0
      objectReference: {fileID: 0}
    - target: {fileID: 4252891731219642, guid: dbebb74a339d247729b3661e63f5f9ac, type: 2}
      propertyPath: m_LocalRotation.y
      value: 0
      objectReference: {fileID: 0}
    - target: {fileID: 4252891731219642, guid: dbebb74a339d247729b3661e63f5f9ac, type: 2}
      propertyPath: m_LocalRotation.z
      value: 0
      objectReference: {fileID: 0}
    - target: {fileID: 4252891731219642, guid: dbebb74a339d247729b3661e63f5f9ac, type: 2}
      propertyPath: m_LocalRotation.w
      value: 1
      objectReference: {fileID: 0}
    - target: {fileID: 4252891731219642, guid: dbebb74a339d247729b3661e63f5f9ac, type: 2}
      propertyPath: m_RootOrder
      value: 2
      objectReference: {fileID: 0}
    m_RemovedComponents: []
  m_SourcePrefab: {fileID: 100100000, guid: dbebb74a339d247729b3661e63f5f9ac, type: 2}
  m_IsPrefabAsset: 0
--- !u!1001 &728579234
Prefab:
  m_ObjectHideFlags: 0
  serializedVersion: 2
  m_Modification:
    m_TransformParent: {fileID: 0}
    m_Modifications:
    - target: {fileID: 4996144439327398, guid: d76df8a6806b24e798edb923157ceb45, type: 2}
      propertyPath: m_LocalPosition.x
      value: -6.84
      objectReference: {fileID: 0}
    - target: {fileID: 4996144439327398, guid: d76df8a6806b24e798edb923157ceb45, type: 2}
      propertyPath: m_LocalPosition.y
      value: 7.19
      objectReference: {fileID: 0}
    - target: {fileID: 4996144439327398, guid: d76df8a6806b24e798edb923157ceb45, type: 2}
      propertyPath: m_LocalPosition.z
      value: -0.9820216
      objectReference: {fileID: 0}
    - target: {fileID: 4996144439327398, guid: d76df8a6806b24e798edb923157ceb45, type: 2}
      propertyPath: m_LocalRotation.x
      value: 0
      objectReference: {fileID: 0}
    - target: {fileID: 4996144439327398, guid: d76df8a6806b24e798edb923157ceb45, type: 2}
      propertyPath: m_LocalRotation.y
      value: 0
      objectReference: {fileID: 0}
    - target: {fileID: 4996144439327398, guid: d76df8a6806b24e798edb923157ceb45, type: 2}
      propertyPath: m_LocalRotation.z
      value: 0
      objectReference: {fileID: 0}
    - target: {fileID: 4996144439327398, guid: d76df8a6806b24e798edb923157ceb45, type: 2}
      propertyPath: m_LocalRotation.w
      value: 1
      objectReference: {fileID: 0}
    - target: {fileID: 4996144439327398, guid: d76df8a6806b24e798edb923157ceb45, type: 2}
      propertyPath: m_RootOrder
      value: 9
      objectReference: {fileID: 0}
    - target: {fileID: 4996144439327398, guid: d76df8a6806b24e798edb923157ceb45, type: 2}
      propertyPath: m_LocalScale.x
      value: 3
      objectReference: {fileID: 0}
    - target: {fileID: 1151062477367754, guid: d76df8a6806b24e798edb923157ceb45, type: 2}
      propertyPath: m_Name
      value: Platform2 (1)
      objectReference: {fileID: 0}
    m_RemovedComponents: []
  m_SourcePrefab: {fileID: 100100000, guid: d76df8a6806b24e798edb923157ceb45, type: 2}
  m_IsPrefabAsset: 0
--- !u!1001 &791239852
Prefab:
  m_ObjectHideFlags: 0
  serializedVersion: 2
  m_Modification:
    m_TransformParent: {fileID: 0}
    m_Modifications:
    - target: {fileID: 4527525929435026, guid: 94417ad40ea6f41ccbe69444af964c3b, type: 2}
      propertyPath: m_LocalPosition.x
      value: -6.71
      objectReference: {fileID: 0}
    - target: {fileID: 4527525929435026, guid: 94417ad40ea6f41ccbe69444af964c3b, type: 2}
      propertyPath: m_LocalPosition.y
      value: 8.36
      objectReference: {fileID: 0}
    - target: {fileID: 4527525929435026, guid: 94417ad40ea6f41ccbe69444af964c3b, type: 2}
      propertyPath: m_LocalPosition.z
      value: 0
      objectReference: {fileID: 0}
    - target: {fileID: 4527525929435026, guid: 94417ad40ea6f41ccbe69444af964c3b, type: 2}
      propertyPath: m_LocalRotation.x
      value: 0
      objectReference: {fileID: 0}
    - target: {fileID: 4527525929435026, guid: 94417ad40ea6f41ccbe69444af964c3b, type: 2}
      propertyPath: m_LocalRotation.y
      value: 0
      objectReference: {fileID: 0}
    - target: {fileID: 4527525929435026, guid: 94417ad40ea6f41ccbe69444af964c3b, type: 2}
      propertyPath: m_LocalRotation.z
      value: 0
      objectReference: {fileID: 0}
    - target: {fileID: 4527525929435026, guid: 94417ad40ea6f41ccbe69444af964c3b, type: 2}
      propertyPath: m_LocalRotation.w
      value: 1
      objectReference: {fileID: 0}
    - target: {fileID: 4527525929435026, guid: 94417ad40ea6f41ccbe69444af964c3b, type: 2}
      propertyPath: m_RootOrder
      value: 3
      objectReference: {fileID: 0}
    - target: {fileID: 1821299402494086, guid: 94417ad40ea6f41ccbe69444af964c3b, type: 2}
      propertyPath: m_Name
      value: Skull
      objectReference: {fileID: 0}
    - target: {fileID: 114877288473902986, guid: 94417ad40ea6f41ccbe69444af964c3b,
        type: 2}
      propertyPath: door
      value: 
      objectReference: {fileID: 181619921}
    m_RemovedComponents: []
  m_SourcePrefab: {fileID: 100100000, guid: 94417ad40ea6f41ccbe69444af964c3b, type: 2}
  m_IsPrefabAsset: 0
--- !u!1001 &1009620528
Prefab:
  m_ObjectHideFlags: 0
  serializedVersion: 2
  m_Modification:
    m_TransformParent: {fileID: 0}
    m_Modifications:
    - target: {fileID: 4268265692562604, guid: ab1ee4b101b4b46c6a62242cc43cc4d8, type: 2}
      propertyPath: m_LocalPosition.x
      value: -37.93
      objectReference: {fileID: 0}
    - target: {fileID: 4268265692562604, guid: ab1ee4b101b4b46c6a62242cc43cc4d8, type: 2}
      propertyPath: m_LocalPosition.y
      value: 2.5
      objectReference: {fileID: 0}
    - target: {fileID: 4268265692562604, guid: ab1ee4b101b4b46c6a62242cc43cc4d8, type: 2}
      propertyPath: m_LocalPosition.z
      value: 0
      objectReference: {fileID: 0}
    - target: {fileID: 4268265692562604, guid: ab1ee4b101b4b46c6a62242cc43cc4d8, type: 2}
      propertyPath: m_LocalRotation.x
      value: 0
      objectReference: {fileID: 0}
    - target: {fileID: 4268265692562604, guid: ab1ee4b101b4b46c6a62242cc43cc4d8, type: 2}
      propertyPath: m_LocalRotation.y
      value: 0
      objectReference: {fileID: 0}
    - target: {fileID: 4268265692562604, guid: ab1ee4b101b4b46c6a62242cc43cc4d8, type: 2}
      propertyPath: m_LocalRotation.z
      value: 0
      objectReference: {fileID: 0}
    - target: {fileID: 4268265692562604, guid: ab1ee4b101b4b46c6a62242cc43cc4d8, type: 2}
      propertyPath: m_LocalRotation.w
      value: 1
      objectReference: {fileID: 0}
    - target: {fileID: 4268265692562604, guid: ab1ee4b101b4b46c6a62242cc43cc4d8, type: 2}
      propertyPath: m_RootOrder
      value: 6
      objectReference: {fileID: 0}
    m_RemovedComponents: []
  m_SourcePrefab: {fileID: 100100000, guid: ab1ee4b101b4b46c6a62242cc43cc4d8, type: 2}
  m_IsPrefabAsset: 0
--- !u!1 &1128266901 stripped
GameObject:
  m_CorrespondingSourceObject: {fileID: 1376217494821954, guid: 7a3b5233903dd4c809798e9f8a890b8b,
    type: 2}
  m_PrefabInternal: {fileID: 1395070556}
--- !u!1001 &1356591949
Prefab:
  m_ObjectHideFlags: 0
  serializedVersion: 2
  m_Modification:
    m_TransformParent: {fileID: 0}
    m_Modifications:
    - target: {fileID: 4930949566402120, guid: 28d6c9866e938469c99e43b7b83e596f, type: 2}
      propertyPath: m_LocalPosition.x
      value: -22.18
      objectReference: {fileID: 0}
    - target: {fileID: 4930949566402120, guid: 28d6c9866e938469c99e43b7b83e596f, type: 2}
      propertyPath: m_LocalPosition.y
      value: 3.28
      objectReference: {fileID: 0}
    - target: {fileID: 4930949566402120, guid: 28d6c9866e938469c99e43b7b83e596f, type: 2}
      propertyPath: m_LocalPosition.z
      value: -1
      objectReference: {fileID: 0}
    - target: {fileID: 4930949566402120, guid: 28d6c9866e938469c99e43b7b83e596f, type: 2}
      propertyPath: m_LocalRotation.x
      value: 0
      objectReference: {fileID: 0}
    - target: {fileID: 4930949566402120, guid: 28d6c9866e938469c99e43b7b83e596f, type: 2}
      propertyPath: m_LocalRotation.y
      value: 0
      objectReference: {fileID: 0}
    - target: {fileID: 4930949566402120, guid: 28d6c9866e938469c99e43b7b83e596f, type: 2}
      propertyPath: m_LocalRotation.z
      value: 0
      objectReference: {fileID: 0}
    - target: {fileID: 4930949566402120, guid: 28d6c9866e938469c99e43b7b83e596f, type: 2}
      propertyPath: m_LocalRotation.w
      value: 1
      objectReference: {fileID: 0}
    - target: {fileID: 4930949566402120, guid: 28d6c9866e938469c99e43b7b83e596f, type: 2}
      propertyPath: m_RootOrder
      value: 8
      objectReference: {fileID: 0}
    - target: {fileID: 114135742949263798, guid: 28d6c9866e938469c99e43b7b83e596f,
        type: 2}
      propertyPath: canonb
      value: 
      objectReference: {fileID: 1247829610211172, guid: dba4f1e221d38433aa2ef8891e5add9a,
        type: 2}
    - target: {fileID: 20706958347113478, guid: 28d6c9866e938469c99e43b7b83e596f,
        type: 2}
      propertyPath: orthographic size
      value: 10
      objectReference: {fileID: 0}
    - target: {fileID: 114135742949263798, guid: 28d6c9866e938469c99e43b7b83e596f,
        type: 2}
      propertyPath: cont
      value: 
      objectReference: {fileID: 1128266901}
    m_RemovedComponents: []
  m_SourcePrefab: {fileID: 100100000, guid: 28d6c9866e938469c99e43b7b83e596f, type: 2}
  m_IsPrefabAsset: 0
--- !u!1001 &1395070556
Prefab:
  m_ObjectHideFlags: 0
  serializedVersion: 2
  m_Modification:
    m_TransformParent: {fileID: 1405278490}
    m_Modifications:
    - target: {fileID: 224000489008101920, guid: 7a3b5233903dd4c809798e9f8a890b8b,
        type: 2}
      propertyPath: m_LocalPosition.x
      value: 0
      objectReference: {fileID: 0}
    - target: {fileID: 224000489008101920, guid: 7a3b5233903dd4c809798e9f8a890b8b,
        type: 2}
      propertyPath: m_LocalPosition.y
      value: 0
      objectReference: {fileID: 0}
    - target: {fileID: 224000489008101920, guid: 7a3b5233903dd4c809798e9f8a890b8b,
        type: 2}
      propertyPath: m_LocalPosition.z
      value: 0
      objectReference: {fileID: 0}
    - target: {fileID: 224000489008101920, guid: 7a3b5233903dd4c809798e9f8a890b8b,
        type: 2}
      propertyPath: m_LocalRotation.x
      value: 0
      objectReference: {fileID: 0}
    - target: {fileID: 224000489008101920, guid: 7a3b5233903dd4c809798e9f8a890b8b,
        type: 2}
      propertyPath: m_LocalRotation.y
      value: 0
      objectReference: {fileID: 0}
    - target: {fileID: 224000489008101920, guid: 7a3b5233903dd4c809798e9f8a890b8b,
        type: 2}
      propertyPath: m_LocalRotation.z
      value: 0
      objectReference: {fileID: 0}
    - target: {fileID: 224000489008101920, guid: 7a3b5233903dd4c809798e9f8a890b8b,
        type: 2}
      propertyPath: m_LocalRotation.w
      value: 1
      objectReference: {fileID: 0}
    - target: {fileID: 224000489008101920, guid: 7a3b5233903dd4c809798e9f8a890b8b,
        type: 2}
      propertyPath: m_RootOrder
      value: 0
      objectReference: {fileID: 0}
    - target: {fileID: 224000489008101920, guid: 7a3b5233903dd4c809798e9f8a890b8b,
        type: 2}
      propertyPath: m_AnchoredPosition.x
      value: -500
      objectReference: {fileID: 0}
    - target: {fileID: 224000489008101920, guid: 7a3b5233903dd4c809798e9f8a890b8b,
        type: 2}
      propertyPath: m_AnchoredPosition.y
      value: -500
      objectReference: {fileID: 0}
    - target: {fileID: 224000489008101920, guid: 7a3b5233903dd4c809798e9f8a890b8b,
        type: 2}
      propertyPath: m_SizeDelta.x
      value: 100
      objectReference: {fileID: 0}
    - target: {fileID: 224000489008101920, guid: 7a3b5233903dd4c809798e9f8a890b8b,
        type: 2}
      propertyPath: m_SizeDelta.y
      value: 100
      objectReference: {fileID: 0}
    - target: {fileID: 224000489008101920, guid: 7a3b5233903dd4c809798e9f8a890b8b,
        type: 2}
      propertyPath: m_AnchorMin.x
      value: 0.5
      objectReference: {fileID: 0}
    - target: {fileID: 224000489008101920, guid: 7a3b5233903dd4c809798e9f8a890b8b,
        type: 2}
      propertyPath: m_AnchorMin.y
      value: 0.5
      objectReference: {fileID: 0}
    - target: {fileID: 224000489008101920, guid: 7a3b5233903dd4c809798e9f8a890b8b,
        type: 2}
      propertyPath: m_AnchorMax.x
      value: 0.5
      objectReference: {fileID: 0}
    - target: {fileID: 224000489008101920, guid: 7a3b5233903dd4c809798e9f8a890b8b,
        type: 2}
      propertyPath: m_AnchorMax.y
      value: 0.5
      objectReference: {fileID: 0}
    - target: {fileID: 224000489008101920, guid: 7a3b5233903dd4c809798e9f8a890b8b,
        type: 2}
      propertyPath: m_Pivot.x
      value: 0.5
      objectReference: {fileID: 0}
    - target: {fileID: 224000489008101920, guid: 7a3b5233903dd4c809798e9f8a890b8b,
        type: 2}
      propertyPath: m_Pivot.y
      value: 0.5
      objectReference: {fileID: 0}
    - target: {fileID: 114942471830743238, guid: 7a3b5233903dd4c809798e9f8a890b8b,
        type: 2}
      propertyPath: yourButton
      value: 
      objectReference: {fileID: 1395070558}
    - target: {fileID: 1376217494821954, guid: 7a3b5233903dd4c809798e9f8a890b8b, type: 2}
      propertyPath: m_IsActive
      value: 0
      objectReference: {fileID: 0}
    - target: {fileID: 224484876586087954, guid: 7a3b5233903dd4c809798e9f8a890b8b,
        type: 2}
      propertyPath: m_AnchoredPosition.x
      value: -700
      objectReference: {fileID: 0}
    - target: {fileID: 224484876586087954, guid: 7a3b5233903dd4c809798e9f8a890b8b,
        type: 2}
      propertyPath: m_AnchoredPosition.y
      value: -700
      objectReference: {fileID: 0}
    - target: {fileID: 224484876586087954, guid: 7a3b5233903dd4c809798e9f8a890b8b,
        type: 2}
      propertyPath: m_SizeDelta.x
      value: 200
      objectReference: {fileID: 0}
    - target: {fileID: 224484876586087954, guid: 7a3b5233903dd4c809798e9f8a890b8b,
        type: 2}
      propertyPath: m_SizeDelta.y
      value: 200
      objectReference: {fileID: 0}
    - target: {fileID: 114973301833206486, guid: 7a3b5233903dd4c809798e9f8a890b8b,
        type: 2}
      propertyPath: m_FontData.m_FontSize
      value: 30
      objectReference: {fileID: 0}
    - target: {fileID: 114973301833206486, guid: 7a3b5233903dd4c809798e9f8a890b8b,
        type: 2}
      propertyPath: m_FontData.m_MinSize
      value: 3
      objectReference: {fileID: 0}
    m_RemovedComponents: []
  m_SourcePrefab: {fileID: 100100000, guid: 7a3b5233903dd4c809798e9f8a890b8b, type: 2}
  m_IsPrefabAsset: 0
--- !u!224 &1395070557 stripped
RectTransform:
  m_CorrespondingSourceObject: {fileID: 224484876586087954, guid: 7a3b5233903dd4c809798e9f8a890b8b,
    type: 2}
  m_PrefabInternal: {fileID: 1395070556}
--- !u!114 &1395070558 stripped
MonoBehaviour:
  m_CorrespondingSourceObject: {fileID: 114547724450526310, guid: 7a3b5233903dd4c809798e9f8a890b8b,
    type: 2}
  m_PrefabInternal: {fileID: 1395070556}
  m_Script: {fileID: 1392445389, guid: f70555f144d8491a825f0804e09c671c, type: 3}
--- !u!1 &1405278486
GameObject:
  m_ObjectHideFlags: 0
  m_CorrespondingSourceObject: {fileID: 0}
  m_PrefabInternal: {fileID: 0}
  serializedVersion: 6
  m_Component:
  - component: {fileID: 1405278490}
  - component: {fileID: 1405278489}
  - component: {fileID: 1405278488}
  - component: {fileID: 1405278487}
  m_Layer: 5
  m_Name: Canvas
  m_TagString: Untagged
  m_Icon: {fileID: 0}
  m_NavMeshLayer: 0
  m_StaticEditorFlags: 0
  m_IsActive: 1
--- !u!114 &1405278487
MonoBehaviour:
  m_ObjectHideFlags: 0
  m_CorrespondingSourceObject: {fileID: 0}
  m_PrefabInternal: {fileID: 0}
  m_GameObject: {fileID: 1405278486}
  m_Enabled: 1
  m_EditorHideFlags: 0
  m_Script: {fileID: 1301386320, guid: f70555f144d8491a825f0804e09c671c, type: 3}
  m_Name: 
  m_EditorClassIdentifier: 
  m_IgnoreReversedGraphics: 1
  m_BlockingObjects: 0
  m_BlockingMask:
    serializedVersion: 2
    m_Bits: 4294967295
--- !u!114 &1405278488
MonoBehaviour:
  m_ObjectHideFlags: 0
  m_CorrespondingSourceObject: {fileID: 0}
  m_PrefabInternal: {fileID: 0}
  m_GameObject: {fileID: 1405278486}
  m_Enabled: 1
  m_EditorHideFlags: 0
  m_Script: {fileID: 1980459831, guid: f70555f144d8491a825f0804e09c671c, type: 3}
  m_Name: 
  m_EditorClassIdentifier: 
  m_UiScaleMode: 0
  m_ReferencePixelsPerUnit: 100
  m_ScaleFactor: 1
  m_ReferenceResolution: {x: 800, y: 600}
  m_ScreenMatchMode: 0
  m_MatchWidthOrHeight: 0
  m_PhysicalUnit: 3
  m_FallbackScreenDPI: 96
  m_DefaultSpriteDPI: 96
  m_DynamicPixelsPerUnit: 1
--- !u!223 &1405278489
Canvas:
  m_ObjectHideFlags: 0
  m_CorrespondingSourceObject: {fileID: 0}
  m_PrefabInternal: {fileID: 0}
  m_GameObject: {fileID: 1405278486}
  m_Enabled: 1
  serializedVersion: 3
  m_RenderMode: 0
  m_Camera: {fileID: 0}
  m_PlaneDistance: 100
  m_PixelPerfect: 0
  m_ReceivesEvents: 1
  m_OverrideSorting: 0
  m_OverridePixelPerfect: 0
  m_SortingBucketNormalizedSize: 0
  m_AdditionalShaderChannelsFlag: 0
  m_SortingLayerID: 0
  m_SortingOrder: 0
  m_TargetDisplay: 0
--- !u!224 &1405278490
RectTransform:
  m_ObjectHideFlags: 0
  m_CorrespondingSourceObject: {fileID: 0}
  m_PrefabInternal: {fileID: 0}
  m_GameObject: {fileID: 1405278486}
  m_LocalRotation: {x: 0, y: 0, z: 0, w: 1}
  m_LocalPosition: {x: 0, y: 0, z: 0}
  m_LocalScale: {x: 0, y: 0, z: 0}
  m_Children:
  - {fileID: 1395070557}
  - {fileID: 1796356050}
  m_Father: {fileID: 0}
  m_RootOrder: 9
  m_LocalEulerAnglesHint: {x: 0, y: 0, z: 0}
  m_AnchorMin: {x: 0, y: 0}
  m_AnchorMax: {x: 0, y: 0}
  m_AnchoredPosition: {x: 0, y: 0}
  m_SizeDelta: {x: 0, y: 0}
  m_Pivot: {x: 0, y: 0}
--- !u!1001 &1592974079
Prefab:
  m_ObjectHideFlags: 0
  serializedVersion: 2
  m_Modification:
    m_TransformParent: {fileID: 0}
    m_Modifications:
    - target: {fileID: 4001629502315038, guid: bb438fc06b7ec4c7ca4c4e46fcb3931a, type: 2}
      propertyPath: m_LocalPosition.x
      value: 0.1
      objectReference: {fileID: 0}
    - target: {fileID: 4001629502315038, guid: bb438fc06b7ec4c7ca4c4e46fcb3931a, type: 2}
      propertyPath: m_LocalPosition.y
      value: -14.1
      objectReference: {fileID: 0}
    - target: {fileID: 4001629502315038, guid: bb438fc06b7ec4c7ca4c4e46fcb3931a, type: 2}
      propertyPath: m_LocalPosition.z
      value: -0.9820216
      objectReference: {fileID: 0}
    - target: {fileID: 4001629502315038, guid: bb438fc06b7ec4c7ca4c4e46fcb3931a, type: 2}
      propertyPath: m_LocalRotation.x
      value: 0
      objectReference: {fileID: 0}
    - target: {fileID: 4001629502315038, guid: bb438fc06b7ec4c7ca4c4e46fcb3931a, type: 2}
      propertyPath: m_LocalRotation.y
      value: 0
      objectReference: {fileID: 0}
    - target: {fileID: 4001629502315038, guid: bb438fc06b7ec4c7ca4c4e46fcb3931a, type: 2}
      propertyPath: m_LocalRotation.z
      value: 0
      objectReference: {fileID: 0}
    - target: {fileID: 4001629502315038, guid: bb438fc06b7ec4c7ca4c4e46fcb3931a, type: 2}
      propertyPath: m_LocalRotation.w
      value: 1
      objectReference: {fileID: 0}
    - target: {fileID: 4001629502315038, guid: bb438fc06b7ec4c7ca4c4e46fcb3931a, type: 2}
      propertyPath: m_RootOrder
      value: 11
      objectReference: {fileID: 0}
    m_RemovedComponents: []
  m_SourcePrefab: {fileID: 100100000, guid: bb438fc06b7ec4c7ca4c4e46fcb3931a, type: 2}
  m_IsPrefabAsset: 0
--- !u!1001 &1796356049
Prefab:
  m_ObjectHideFlags: 0
  serializedVersion: 2
  m_Modification:
    m_TransformParent: {fileID: 1405278490}
    m_Modifications:
    - target: {fileID: 224990407132082698, guid: 24c752a50154b4e38bb449885e230aa9,
        type: 2}
      propertyPath: m_LocalPosition.x
      value: 0
      objectReference: {fileID: 0}
    - target: {fileID: 224990407132082698, guid: 24c752a50154b4e38bb449885e230aa9,
        type: 2}
      propertyPath: m_LocalPosition.y
      value: 0
      objectReference: {fileID: 0}
    - target: {fileID: 224990407132082698, guid: 24c752a50154b4e38bb449885e230aa9,
        type: 2}
      propertyPath: m_LocalPosition.z
      value: 0
      objectReference: {fileID: 0}
    - target: {fileID: 224990407132082698, guid: 24c752a50154b4e38bb449885e230aa9,
        type: 2}
      propertyPath: m_LocalRotation.x
      value: 0
      objectReference: {fileID: 0}
    - target: {fileID: 224990407132082698, guid: 24c752a50154b4e38bb449885e230aa9,
        type: 2}
      propertyPath: m_LocalRotation.y
      value: 0
      objectReference: {fileID: 0}
    - target: {fileID: 224990407132082698, guid: 24c752a50154b4e38bb449885e230aa9,
        type: 2}
      propertyPath: m_LocalRotation.z
      value: 0
      objectReference: {fileID: 0}
    - target: {fileID: 224990407132082698, guid: 24c752a50154b4e38bb449885e230aa9,
        type: 2}
      propertyPath: m_LocalRotation.w
      value: 1
      objectReference: {fileID: 0}
    - target: {fileID: 224990407132082698, guid: 24c752a50154b4e38bb449885e230aa9,
        type: 2}
      propertyPath: m_RootOrder
      value: 1
      objectReference: {fileID: 0}
    - target: {fileID: 224990407132082698, guid: 24c752a50154b4e38bb449885e230aa9,
        type: 2}
      propertyPath: m_AnchoredPosition.x
      value: 700
      objectReference: {fileID: 0}
    - target: {fileID: 224990407132082698, guid: 24c752a50154b4e38bb449885e230aa9,
        type: 2}
      propertyPath: m_AnchoredPosition.y
      value: -700
      objectReference: {fileID: 0}
    - target: {fileID: 224990407132082698, guid: 24c752a50154b4e38bb449885e230aa9,
        type: 2}
      propertyPath: m_SizeDelta.x
      value: 200
      objectReference: {fileID: 0}
    - target: {fileID: 224990407132082698, guid: 24c752a50154b4e38bb449885e230aa9,
        type: 2}
      propertyPath: m_SizeDelta.y
      value: 200
      objectReference: {fileID: 0}
    - target: {fileID: 224990407132082698, guid: 24c752a50154b4e38bb449885e230aa9,
        type: 2}
      propertyPath: m_AnchorMin.x
      value: 0.5
      objectReference: {fileID: 0}
    - target: {fileID: 224990407132082698, guid: 24c752a50154b4e38bb449885e230aa9,
        type: 2}
      propertyPath: m_AnchorMin.y
      value: 0.5
      objectReference: {fileID: 0}
    - target: {fileID: 224990407132082698, guid: 24c752a50154b4e38bb449885e230aa9,
        type: 2}
      propertyPath: m_AnchorMax.x
      value: 0.5
      objectReference: {fileID: 0}
    - target: {fileID: 224990407132082698, guid: 24c752a50154b4e38bb449885e230aa9,
        type: 2}
      propertyPath: m_AnchorMax.y
      value: 0.5
      objectReference: {fileID: 0}
    - target: {fileID: 224990407132082698, guid: 24c752a50154b4e38bb449885e230aa9,
        type: 2}
      propertyPath: m_Pivot.x
      value: 0.5
      objectReference: {fileID: 0}
    - target: {fileID: 224990407132082698, guid: 24c752a50154b4e38bb449885e230aa9,
        type: 2}
      propertyPath: m_Pivot.y
      value: 0.5
      objectReference: {fileID: 0}
    - target: {fileID: 114973218555738308, guid: 24c752a50154b4e38bb449885e230aa9,
        type: 2}
      propertyPath: m_FontData.m_FontSize
      value: 30
      objectReference: {fileID: 0}
    - target: {fileID: 114973218555738308, guid: 24c752a50154b4e38bb449885e230aa9,
        type: 2}
      propertyPath: m_FontData.m_MinSize
      value: 3
      objectReference: {fileID: 0}
    m_RemovedComponents: []
  m_SourcePrefab: {fileID: 100100000, guid: 24c752a50154b4e38bb449885e230aa9, type: 2}
  m_IsPrefabAsset: 0
--- !u!224 &1796356050 stripped
RectTransform:
  m_CorrespondingSourceObject: {fileID: 224990407132082698, guid: 24c752a50154b4e38bb449885e230aa9,
    type: 2}
  m_PrefabInternal: {fileID: 1796356049}
--- !u!1001 &2020554664
Prefab:
  m_ObjectHideFlags: 0
  serializedVersion: 2
  m_Modification:
    m_TransformParent: {fileID: 0}
    m_Modifications:
    - target: {fileID: 4062994853765328, guid: 6901276600fe04774adae482d0fe09d5, type: 2}
      propertyPath: m_LocalPosition.x
      value: -13.47
      objectReference: {fileID: 0}
    - target: {fileID: 4062994853765328, guid: 6901276600fe04774adae482d0fe09d5, type: 2}
      propertyPath: m_LocalPosition.y
      value: 8.46
      objectReference: {fileID: 0}
    - target: {fileID: 4062994853765328, guid: 6901276600fe04774adae482d0fe09d5, type: 2}
      propertyPath: m_LocalPosition.z
      value: 0
      objectReference: {fileID: 0}
    - target: {fileID: 4062994853765328, guid: 6901276600fe04774adae482d0fe09d5, type: 2}
      propertyPath: m_LocalRotation.x
      value: 0
      objectReference: {fileID: 0}
    - target: {fileID: 4062994853765328, guid: 6901276600fe04774adae482d0fe09d5, type: 2}
      propertyPath: m_LocalRotation.y
      value: 0
      objectReference: {fileID: 0}
    - target: {fileID: 4062994853765328, guid: 6901276600fe04774adae482d0fe09d5, type: 2}
      propertyPath: m_LocalRotation.z
      value: 0
      objectReference: {fileID: 0}
    - target: {fileID: 4062994853765328, guid: 6901276600fe04774adae482d0fe09d5, type: 2}
      propertyPath: m_LocalRotation.w
      value: 1
      objectReference: {fileID: 0}
    - target: {fileID: 4062994853765328, guid: 6901276600fe04774adae482d0fe09d5, type: 2}
      propertyPath: m_RootOrder
      value: 7
      objectReference: {fileID: 0}
    m_RemovedComponents: []
  m_SourcePrefab: {fileID: 100100000, guid: 6901276600fe04774adae482d0fe09d5, type: 2}
  m_IsPrefabAsset: 0
